
@article{hare2017automatic,
  title = {Automatic Matching of Bullet Land Impressions},
  author = {Hare, Eric and Hofmann, Heike and Carriquiry, Alicia and others},
  year = {2017},
  journal = {The Annals of Applied Statistics},
  volume = {11},
  number = {4},
  pages = {2332--2356},
  publisher = {{Institute of Mathematical Statistics}},
  doi = {10/gn649m},
  keywords = {3D topological surface measurement,cross-correlation function,data visualization,feature importance,machine learning,Statistics - Applications},
}


@techreport{pcast,
	title = {Forensic {Science} in {Criminal} {Courts}: {Ensuring} {Scientific} {Validity} of {Feature} {Comparison} {Methods}},
	url = {https://obamawhitehouse.archives.gov/sites/default/files/microsites/ostp/PCAST/pcast_forensic_science_report_final.pdf},
	urldate = {2019-03-07},
	author = {{President's Council of Advisors on Science and Technology}},
	month = sep,
	year = {2016},
}


@article{garrettMockJurorsEvaluation2020,
	title = {Mock jurors’ evaluation of firearm examiner testimony.},
	volume = {44},
	issn = {1573-661X, 0147-7307},
	url = {http://doi.apa.org/getdoi.cfm?doi=10.1037/lhb0000423},
	doi = {10.1037/lhb0000423},
	language = {en},
	number = {5},
	urldate = {2021-06-28},
	journal = {Law and Human Behavior},
	author = {Garrett, Brandon L. and Scurich, Nicholas and Crozier, William E.},
	month = oct,
	year = {2020},
	pages = {412--423},
}


@article{bornsteinJuryDecisionMaking2011,
	title = {Jury {Decision} {Making}: {Implications} {For} and {From} {Psychology}},
	volume = {20},
	issn = {0963-7214, 1467-8721},
	shorttitle = {Jury {Decision} {Making}},
	url = {http://journals.sagepub.com/doi/10.1177/0963721410397282},
	doi = {10.1177/0963721410397282},
	language = {en},
	number = {1},
	urldate = {2021-04-11},
	journal = {Current Directions in Psychological Science},
	author = {Bornstein, Brian H. and Greene, Edie},
	month = feb,
	year = {2011},
	pages = {63--67},
	annote = {
Authors: Brian Bornstein (US - Psychology), Edie Greene
Year: 2011

},
}


@article{maccounAsymmetricInfluenceMock1988,
	title = {Asymmetric influence in mock jury deliberation: {Jurors}' bias for leniency},
	volume = {54},
	issn = {0022-3514},
	shorttitle = {Asymmetric influence in mock jury deliberation},
	url = {http://libproxy.unl.edu/login?url=https://search.ebscohost.com/login.aspx?direct=true&db=pdh&AN=1988-13770-001&site=ehost-live},
	doi = {10.1037/0022-3514.54.1.21},
	number = {1},
	urldate = {2022-08-19},
	journal = {Journal of Personality and Social Psychology},
	author = {MacCoun, Robert J. and Kerr, Norbert L.},
	month = jan,
	year = {1988},
	note = {Publisher: American Psychological Association},
	keywords = {Adjudication, Adolescent, Adult, asymmetry in influence of proacquittal factions, college students vs community volunteers, Criminal Law, Decision Making, Experimental Instructions, Female, Group Decision Making, Group Processes, Humans, Juries, Jurisprudence, Male, mock jury deliberation \& argument generation \& reasonable doubt vs preponderance of evidence instructions, Persuasive Communication, Social Influences},
	pages = {21--33},
}


@article{kassinForensicConfirmationBias2013,
	title = {The forensic confirmation bias: {Problems}, perspectives, and proposed solutions},
	volume = {2},
	issn = {2211-3681},
	shorttitle = {The forensic confirmation bias},
	url = {https://www.sciencedirect.com/science/article/pii/S2211368113000028},
	doi = {10.1016/j.jarmac.2013.01.001},
	language = {en},
	number = {1},
	urldate = {2021-04-19},
	journal = {Journal of Applied Research in Memory and Cognition},
	author = {Kassin, Saul M. and Dror, Itiel E. and Kukucka, Jeff},
	month = mar,
	year = {2013},
	keywords = {Confirmation bias, Context effects, Expectancy effects},
	pages = {42--52},

}


@book{nationalresearchcouncilusStrengtheningForensicScience2009,
	address = {Washington, D.C},
	title = {Strengthening forensic science in the {United} {States}: a path forward},
	isbn = {978-0-309-13135-3 978-0-309-13131-5},
	shorttitle = {Strengthening forensic science in the {United} {States}},
	language = {en},
	publisher = {National Academies Press},
	editor = {{National Research Council} (U.S.)},
	author = {{National Research Council}},
	year = {2009},
	note = {00000 
OCLC: ocn317068125
tex.ids: nationalresearchcouncilu.s.StrengtheningForensicScience2009a},
	keywords = {Criminal investigation, Evidence, Criminal, Forensic sciences, United States},
}


@article{vanderplasComparisonThreeSimilarity2020,
	title = {Comparison of three similarity scores for bullet {LEA} matching},
	volume = {308},
	issn = {0379-0738},
	url = {https://www.sciencedirect.com/science/article/pii/S0379073820300293},
	doi = {10.1016/j.forsciint.2020.110167},
	language = {en},
	urldate = {2021-06-12},
	journal = {Forensic Science International},
	author = {Vanderplas, Susan and Nally, Melissa and Klep, Tylor and Cadevall, Cristina and Hofmann, Heike},
	month = mar,
	year = {2020},
	keywords = {Forensic science, 3D microscopy, Toolmark, Random forest, Cross correlation, Land engraved areas (LEAs)},
	pages = {110167},

}


@article{DFSCLPInformation2018,
	title = {{DFSC} {LP} {Information} {Paper} - {Statistical} {Reporting}.pdf},
	url = {https://osf.io/8kajs},
	abstract = {Hosted on OSF},
	language = {en-us},
	urldate = {2022-08-22},
	month = jan,
	year = {2018},
}


@article{garrettComparingCategoricalProbabilistic2018,
	title = {Comparing {Categorical} and {Probabilistic} {Fingerprint} {Evidence}},
	volume = {63},
	issn = {00221198},
	url = {http://doi.wiley.com/10.1111/1556-4029.13797},
	doi = {10.1111/1556-4029.13797},
	language = {en},
	number = {6},
	urldate = {2021-05-25},
	journal = {Journal of Forensic Sciences},
	author = {Garrett, Brandon and Mitchell, Gregory and Scurich, Nicholas},
	month = nov,
	year = {2018},
	pages = {1712--1717},
}




@misc{ENFSIGuidelineEvaluative2016,
	title = {{ENFSI} {Guideline} for {Evaluative} {Reporting} in {Forensic} {Science} {\textbar} {ENFSI}},
	url = {https://enfsi.eu/docfile/enfsi-guideline-for-evaluative-reporting-in-forensic-science/},
	language = {en-GB},
	urldate = {2022-08-22},
	month = sep,
	year = {2016},
}


@article{swoffordProbabilisticReportingAlgorithms2022,
	title = {Probabilistic reporting and algorithms in forensic science: {Stakeholder} perspectives within the {American} criminal justice system},
	volume = {4},
	issn = {2589-871X},
	shorttitle = {Probabilistic reporting and algorithms in forensic science},
	url = {https://www.sciencedirect.com/science/article/pii/S2589871X22000055},
	doi = {10/gphvxj},
	language = {en},
	urldate = {2022-02-17},
	journal = {Forensic Science International: Synergy},
	author = {Swofford, H. and Champod, C.},
	month = jan,
	year = {2022},
	keywords = {Forensic science, Algorithms, Statistics, Pattern evidence, Probabilities},
	pages = {100220},
}


@article{cardwellNonprobativePhotosRapidly2016,
	title = {Nonprobative photos rapidly lead people to believe claims about their own (and other people’s) pasts},
	volume = {44},
	doi = {10/gn65b2},
	number = {6},
	journal = {Memory \& cognition},
	author = {Cardwell, Brittany A and Henkel, Linda A and Garry, Maryanne and Newman, Eryn J and Foster, Jeffrey L},
	year = {2016},
	pages = {883--896},
}



@misc{105mmTank2005,
	title = {L7 105mm tank gun {Cut} model},
	copyright = {Permission is granted to copy, distribute and/or modify this document under the terms of the GNU Free Documentation License, Version 1.2 or any later version published by the Free Software Foundation; with no Invariant Sections, no Front-Cover Texts, and no Back-Cover Texts. A copy of the license is included in the section entitled GNU Free Documentation License.http://www.gnu.org/copyleft/fdl.htmlGFDLGNU Free Documentation Licensetruetrue},
	url = {https://commons.wikimedia.org/wiki/File:105mm_tank_gun_Rifling.jpg},
	urldate = {2021-11-10},
	author = {{baku13}},
	month = aug,
	year = {2005},
}


@misc{gremi,
	title = {English:  {A} 5.66x45mm (.223 rem.) boat tailed {FMJ} spitzer bullet laying on a ruler with a scale in centimeter.},
	shorttitle = {English},
	url = {https://commons.wikimedia.org/wiki/File:GP90-bullet.JPG?uselang=fr},
	urldate = {2021-11-10},
	author = {{Gremi-ch}},
	year = {2009},
}


@article{kellermannTrialAdvocacyTruthiness2013,
	title = {Trial advocacy: {Truthiness}, falsiness, and nothingness},
	volume = {25},
	journal = {Jury Expert},
	author = {Kellermann, Kathy},
	year = {2013},
	note = {00001},
	keywords = {⛔ No DOI found},
	pages = {38},

}



@article{hofmannTreatmentInconclusivesAFTE2021,
	title = {Treatment of {Inconclusives} in the {AFTE} {Range} of {Conclusions}},

	author = {Hofmann, Heike and Vanderplas, Susan and Carriquiry, Alicia},
	month = mar,
	year = {2021},

}


@article{drorMisUseScientific2020,
	title = {({Mis})use of scientific measurements in forensic science},
	issn = {2589871X},
	url = {https://linkinghub.elsevier.com/retrieve/pii/S2589871X20300553},
	doi = {10/gn65cw},

	language = {en},
	urldate = {2020-09-28},
	journal = {Forensic Science International: Synergy},
	author = {Dror, Itiel E. and Scurich, Nicholas},
	month = sep,
	year = {2020},
	note = {00000
tex.ids= drorMisUseScientific2020a},
	keywords = {Forensic science, Daubert, Error rates, Expert decision making, Inconclusive decisions},
	pages = {S2589871X20300553},

}

@article{songDevelopmentBallisticsIdentification2012,
  title = {Development of Ballistics Identification- from Image Comparison to Topography Measurement in Surface Metrology},
  author = {Song, J. and Chu, W. and Vorburger, T. V. and Thompson, R. and Renegar, T. B. and Zheng, A. and Yen, J. and Silver, R. and Ols, M.},
  date = {2012-03},
  year = 2012,
  journal = {Measurement Science and Technology},
  shortjournal = {Meas. Sci. Technol.},
  volume = {23},
  number = {5},
  issn = {0957-0233},
  langid = {english}
}

@article{vorburgerTopographyMeasurementsApplications2015,
  title = {Topography Measurements and Applications in Ballistics and Tool Mark Identifications},
  author = {Vorburger, T V and Song, J and Petraco, N},
  date = {2015-12-17},
  year = 2015,
  journal = {Surface Topography: Metrology and Properties},
  volume = {4},
  number = {1},
  pages = {013002},
  issn = {2051-672X}
}

@article{koehler2001,
	title = {When are people persuaded by {DNA} match statistics?},
	volume = {25},
	issn = {1573-661X, 0147-7307},
	url = {http://doi.apa.org/getdoi.cfm?doi=10.1023/A:1012892815916},
	doi = {10/d82kvn},
	language = {en},
	number = {5},
	urldate = {2019-02-26},
	journal = {Law and Human Behavior},
	author = {Koehler, Jonathan J.},
	year = {2001},
	keywords = {dna, perception, probability},
	pages = {493--513},

}


